%YAML 1.1
%TAG !u! tag:unity3d.com,2011:
--- !u!1 &126274
GameObject:
  m_ObjectHideFlags: 0
  m_PrefabParentObject: {fileID: 0}
  m_PrefabInternal: {fileID: 100100000}
  serializedVersion: 4
  m_Component:
  - 4: {fileID: 481158}
  - 114: {fileID: 11432290}
  - 114: {fileID: 11492098}
  - 61: {fileID: 6174228}
  - 50: {fileID: 5031730}
  m_Layer: 0
  m_Name: Game Controller
  m_TagString: Untagged
  m_Icon: {fileID: 0}
  m_NavMeshLayer: 0
  m_StaticEditorFlags: 0
  m_IsActive: 1
--- !u!4 &481158
Transform:
  m_ObjectHideFlags: 1
  m_PrefabParentObject: {fileID: 0}
  m_PrefabInternal: {fileID: 100100000}
  m_GameObject: {fileID: 126274}
  m_LocalRotation: {x: 0, y: 0, z: 0, w: 1}
  m_LocalPosition: {x: 0, y: 0, z: 0}
  m_LocalScale: {x: 1, y: 1, z: 1}
  m_Children: []
  m_Father: {fileID: 0}
  m_RootOrder: 0
--- !u!50 &5031730
Rigidbody2D:
  serializedVersion: 2
  m_ObjectHideFlags: 1
  m_PrefabParentObject: {fileID: 0}
  m_PrefabInternal: {fileID: 100100000}
  m_GameObject: {fileID: 126274}
  m_Mass: 1
  m_LinearDrag: 0
  m_AngularDrag: .0500000007
  m_GravityScale: 1
  m_IsKinematic: 1
  m_Interpolate: 0
  m_SleepingMode: 1
  m_CollisionDetection: 0
  m_Constraints: 0
--- !u!61 &6174228
BoxCollider2D:
  m_ObjectHideFlags: 1
  m_PrefabParentObject: {fileID: 0}
  m_PrefabInternal: {fileID: 100100000}
  m_GameObject: {fileID: 126274}
  m_Enabled: 1
  m_Material: {fileID: 0}
  m_IsTrigger: 0
  m_UsedByEffector: 0
  m_Offset: {x: 0, y: 0}
  serializedVersion: 2
  m_Size: {x: 1, y: 1}
--- !u!114 &11432290
MonoBehaviour:
  m_ObjectHideFlags: 1
  m_PrefabParentObject: {fileID: 0}
  m_PrefabInternal: {fileID: 100100000}
  m_GameObject: {fileID: 126274}
  m_Enabled: 1
  m_EditorHideFlags: 0
  m_Script: {fileID: 11500000, guid: c090bc45bb923684898717e2dc412808, type: 3}
  m_Name: 
  m_EditorClassIdentifier: 
--- !u!114 &11492098
MonoBehaviour:
  m_ObjectHideFlags: 1
  m_PrefabParentObject: {fileID: 0}
  m_PrefabInternal: {fileID: 100100000}
  m_GameObject: {fileID: 126274}
  m_Enabled: 1
  m_EditorHideFlags: 0
  m_Script: {fileID: 11500000, guid: 524980c37ab28324ca6df73017c8a902, type: 3}
  m_Name: 
  m_EditorClassIdentifier: 
  columns: 10
  rows: 10
  floors:
  - {fileID: 143824, guid: 36a46ec96601e6d40975a3284f2c71b1, type: 2}
  - {fileID: 116884, guid: 03702e126afc6df4fb263a9165d5442d, type: 2}
  - {fileID: 171832, guid: 01807fd24d47d8149ab4261afb44e389, type: 2}
  - {fileID: 180810, guid: 89b66fae49a2cb14f8f3f19d32476993, type: 2}
  - {fileID: 186584, guid: b588754f654c7f3449cd112ba4d386b0, type: 2}
  - {fileID: 151956, guid: 03515ae4d52e6f74d9ff146885609f2f, type: 2}
  - {fileID: 190728, guid: df6875b478c500245a621f92d9f56dcd, type: 2}
  - {fileID: 116472, guid: d59c490ddd4ec994f9d1b7c97fd9b53b, type: 2}
  outerWalls:
  - {fileID: 182622, guid: 2fc8657982acef54c91ffa95fc05abda, type: 2}
  - {fileID: 103012, guid: 4f0434f10dcf1d5499724915b31f7c8d, type: 2}
  - {fileID: 171418, guid: 08128f1c5e909ab4db1a7b5365e41f4e, type: 2}
  wallObstacles:
  - {fileID: 130502, guid: a2450487ee0295d4fa30083db0ec1e97, type: 2}
  - {fileID: 115494, guid: 69f937d504138b242af3421d8765135a, type: 2}
  - {fileID: 196742, guid: 47fbd2b03b5d0c94f996939dc6803aab, type: 2}
  - {fileID: 107700, guid: e5e4593e8dd9ec945a98c660c9c1dced, type: 2}
  - {fileID: 190486, guid: 1d211a3576d7adf46ade54ad0f9c58af, type: 2}
  - {fileID: 152192, guid: 6d3422085b410f54aa9340f086aa8fc5, type: 2}
  - {fileID: 138614, guid: 65396fc71aee80d4c80dfbdf1155f1da, type: 2}
  - {fileID: 139010, guid: 4528196ae60542244b1cb589b154eafa, type: 2}
  foodItems:
  - {fileID: 165102, guid: 91cbd1f02454a9a478d8fc69971e79cc, type: 2}
  - {fileID: 173296, guid: 4b9fd46a5d43bfb498c9c0210f0475d3, type: 2}
  enemies:
  - {fileID: 138820, guid: 28d7b2c20663cc648928555e463a70e4, type: 2}
  - {fileID: 184700, guid: 27044dda30737ca45bd027fd8e36fb65, type: 2}
  exit: {fileID: 167814, guid: 10432c8fc175acf4eb98fba5e159f857, type: 2}
--- !u!1001 &100100000
Prefab:
  m_ObjectHideFlags: 1
  serializedVersion: 2
  m_Modification:
    m_TransformParent: {fileID: 0}
    m_Modifications:
    - target: {fileID: 0}
      propertyPath: m_IsKinematic
      value: 1
      objectReference: {fileID: 0}
    m_RemovedComponents: []
  m_ParentPrefab: {fileID: 0}
  m_RootGameObject: {fileID: 126274}
  m_IsPrefabParent: 1
